%%%%%%%%%%%%%%%%%%%%%%%%%%%%%%%%%%%%%%%%%%%%%%%%%%%%%%%%%%%%%%
% Mecânica Quântica, Computação Quântica e Informação Quântica
%%%%%%%%%%%%%%%%%%%%%%%%%%%%%%%%%%%%%%%%%%%%%%%%%%%%%%%%%%%%%%

%LIVROS
@book{book:qcqi_nc,
   title =     {{\normalfont \textbf{Quantum Computation and Quantum Information -- 10th Anniversary Edition}}},
   author =    {Michael A. Nielsen and Isaac L. Chuang},
   publisher = {Cambridge University Press},
   isbn =      {978-1-107-00217-3},
   year =      {2010},
   series =    {},
   edition =   {10th anv},
   volume =    {}
   }
   
@book{book:pqci_benenti,
   title =     {{\normalfont \textbf{Principles of Quantum Computation and Information -- Volume I: Basic Concepts}}},
   author =    {Giuliano Benenti and Giulio Casati and Giuliano Strini},
   publisher = {World Scientific},
   isbn =      {981-238-830-3},
   year =      {2004},
   series =    {},
   edition =   {},
   volume =    {}
   }
   
@book{book:lecture_notes_preskill,
   title =     {{\normalfont \textbf{Lecture Notes for Physics 229: Quantum Information and Computation}}},
   author =    {John Preskill},
   publisher = {},
   isbn =      {},
   year =      {1998},
   series =    {},
   edition =   {},
   volume =    {}
   }
   
@book{book:mqmf_terra,
   title =     {{\normalfont \textbf{Mec\^{a}nica Qu\^{a}ntica para Matem\'{a}ticos em Forma\c{c}\~{a}o}}},
   author =    {Bárbara Amaral and Alexandre Tavares Baraviera and Marcelo O. Terra Cunha},
   publisher = {IMPA},
   isbn =      {978-85-244-327-9},
   year =      {2011},
   series =    {},
   edition =   {},
   volume =    {}
   }
   
@book{book:icq_portugal,
   title =     {{\normalfont \textbf{Uma Introdu\c{c}\~{a}o \`{a} Computa\c{c}\~{a}o Qu\^{a}ntica}}},
   author =    {Renato Portugal and Carlile Campos Lavor and Luiz Mariano Carvalho and Nelson Maculan},
   publisher = {SBMAC},
   isbn =      {978-85-86883-61-3},
   year =      {2012},
   series =    {},
   edition =   {2},
   volume =    {}
   }
   
@book{book:cqce_portugal,
   title =     {{\normalfont \textbf{C\'{o}digos Qu\^{a}nticos Corretores de Erros}}},
   author =    {Renato Portugal and Demerson Nunes Gonçalves},
   publisher = {SBMAC},
   isbn =      {978-85-8215-016-0},
   year =      {2012},
   series =    {},
   edition =   {},
   volume =    {}
   }
    
@book{book:aqb_portugal,
   title =     {{\normalfont \textbf{Algoritmos Qu\^{a}nticos de Busca}}},
   author =    {Renato Portugal},
   publisher = {SBMAC},
   isbn =      {},
   year =      {2010},
   series =    {},
   edition =   {},
   volume =    {}
   }
   
@book{book:iqm_griffiths,
   title =     {{\normalfont \textbf{Introduction to Quantum Mechanics}}},
   author =    {David J. Griffiths},
   publisher = {Prentice Hall},
   isbn =      {},
   year =      {1995},
   series =    {},
   edition =   {},
   volume =    {}
   }
   
@book{book:diss_vanessa,
   title =     {{\normalfont \textbf{Computa\c{c}\~{a}o Qu\^{a}ntica Adiab\'{a}tica em Sistemas Relativ\'{i}sticos}}},
   author =    {Vanessa Pitirini Guarienti},
   publisher = {UFSC},
   isbn =      {},
   year =      {2016},
   series =    {},
   edition =   {},
   volume =    {}
   }
   
@book{book:lecture_notes_scott_aaronson,
   title =     {{\normalfont \textbf{Lecture Notes for Quantum Information Science}, \texttt{https://www.scottaaronson.com/qclec}}},
   author =    {Scott Aaronson},
   publisher = {},
   isbn =      {},
   year =      {2018},
   series =    {},
   edition =   {},
   volume =    {}
   }
   
   
% ARTIGOS
@article{article:toff_had_quantum_universal_dorit,
  title={{\normalfont \textbf{A simple proof that Toffoli and Hadamard are quantum universal}}},
  author={Aharonov, Dorit},
  journal={arXiv preprint quant-ph/0301040},
  year= {2003},
  volume={}
  }
  
@article{article:hhl_algorithm_for_lin_sys_of_eq,
  title = {Quantum Algorithm for Linear Systems of Equations},
  author = {Harrow, Aram W. and Hassidim, Avinatan and Lloyd, Seth},
  journal = {Phys. Rev. Lett.},
  volume = {103},
  issue = {15},
  pages = {150502},
  numpages = {4},
  year = {2009},
  month = {Oct},
  publisher = {American Physical Society},
  doi = {10.1103/PhysRevLett.103.150502},
  url = {https://link.aps.org/doi/10.1103/PhysRevLett.103.150502}
}

% VÍDEOS
@misc{videolecture:qisI_p2,
   title={{\normalfont \textbf{Quantum Information Science I, part II}, edX, MIT, \texttt{https://courses.edx.org/courses/course-v1:MITx+8.370.2x+1T2018/course/}.} Acesso em abril de 2018},
   author={Peter Shor and Isaac Chuang},
   publisher={},
   url={}
   }
   
@misc{webinar:gartner,
   title={{\normalfont \textbf{Quantum Computing: The Misunderstood and Feared Disruption}, Gartner, \texttt{https://www.gartner.com/webinar/3868072}. Acesso em abril de 2018}},
   author={Matthew Brisse and Mark Horvath},
   publisher={},
   year={Apr 18 2018},
   url={},
   }

% SITES
@misc{site:comp_hist_museum,
   title={{\normalfont \textbf{Exhibition -- Birth of the Computer -- ENIAC}, \texttt{http://www.computerhistory.org/revolution/birth-of-the-
computer/4/78}. Acesso em maio de 2018}},
   author={Computer History Museum},
   publisher={},
   year={},
   url={},
   }
   
@misc{site:lpn_ibmqx,
   title={{\normalfont \textbf{Learning Parity with Noise}, IBM Quantum Experience, \texttt{https://quantumexperience.ng.bluemix.net/proxy/\\tutorial/full-user-guide/004-Quantum\_Algorithms/081-Learning\_Parity\_with\_Noise.html}. Acesso em maio de 2018}},
   author={IBM QX team},
   publisher={},
   year={},
   url={},
   }

% Álgebra Linear
   
@book{book:al_steinbruch,
   title =     {{\normalfont \textbf{\'{A}lgebra Linear}}},
   author =    {Alfredo Steinbruch and Paulo Winterle},
   publisher = {Pearson},
   isbn =      {978-00-745-0412-3},
   year =      {1987},
   series =    {},
   edition =   {2},
   volume =    {}
   }
   
@book{book:al_elon,
   title =     {{\normalfont \textbf{\'{A}lgebra Linear}}},
   author =    {Elon Lages Lima},
   publisher = {IMPA},
   isbn =      {85-244-0089-7},
   year =      {2006},
   series =    {},
   edition =   {7},
   volume =    {}
   }
   
@misc{slides:al_jonas,
   title={{\normalfont \textbf{\'{A}lgebra Linear (Slides)}, UFSM, \texttt{https://sites.google.com/site/jonasmaziero/home/edu/topicos-em-ciencia-da-informacao-quantica}. Acesso em maio de 2018}},
   author={Jonas Maziero},
   publisher={},
   year={},
   url={},
   }
% Computação Clássica, Sistemas Digitais, Microeletrônica e Organização de Computadores

@book{book:femn_campbell,
   title =     {{\normalfont \textbf{Fabrication Engineering at the Micro- and Nanoscale}}},
   author =    {Stephen A. Campbell},
   publisher = {Oxford University Press},
   isbn =      {978-0-19-532017-6},
   year =      {2008},
   series =    {},
   edition =   {3rd},
   volume =    {}
   }
   
@book{book:cod_patterson,
   title =     {{\normalfont \textbf{Computer Organization and Design: the hardware/software interface}}},
   author =    {David A. Patterson and John L. Hennessy},
   publisher = {Elsevier},
   isbn =      {978-0-12-407726-3},
   year =      {2014},
   series =    {},
   edition =   {5th},
   volume =    {}
   }
   
@book{book:dd_vahid,
   title =     {{\normalfont \textbf{Digital Design with RTL Design, VHDL, and Verilog}}},
   author =    {Frank Vahid},
   publisher = {Wiley},
   isbn =      {978-0-470-53108-2},
   year =      {2011},
   series =    {},
   edition =   {2nd},
   volume =    {}
   }
   
@book{book:ddca_harris,
   title =     {{\normalfont \textbf{Digital Design and Computer Architecture}}},
   author =    {David Money Harris and Sarah L. Harris},
   publisher = {Elsevier},
   isbn =      {978-0-12-394424-5},
   year =      {2013},
   series =    {},
   edition =   {2nd},
   volume =    {}
   }
   
   
@book{book:lcdf_mkm,
   title =     {{\normalfont \textbf{Logic and Computer Design Fundamentals}}},
   author =    {M. Morris Mano and Charles R. Kime and Tom Martin},
   publisher = {Pearson},
   isbn =      {978-0-13-376063-7},
   year =      {2015},
   series =    {},
   edition =   {5th},
   volume =    {}
   }
   
   
@book{book:ds_tocci,
   title =     {{\normalfont \textbf{Digital Systems -- Principles and Applications}}},
   author =    {Neal S. Widmer and Gregory L. Moss and Ronald J. Tocci},
   publisher = {Pearson},
   isbn =      {978-0-13-422013-0},
   year =      {2017},
   series =    {},
   edition =   {12th},
   volume =    {}
   }
   
@book{book:ecc_moon,
   title =     {{\normalfont \textbf{Error Correction Coding -- Mathematical Methods and Algorithms}}},
   author =    {Todd K. Moon},
   publisher = {Wiley},
   isbn =      {0-471-64800-0},
   year =      {2005},
   series =    {},
   edition =   {},
   volume =    {}
   }
   
@book{book:iba_halmos,
   title =     {{\normalfont \textbf{Introduction to Boolean Algebras}}},
   author =    {Steven Givant and Paul Halmos},
   publisher = {Springer},
   isbn =      {},
   year =      {2009},
   series =    {},
   edition =   {},
   volume =    {}
   }